% Encoding: UTF-8

@online{TheCrumbleController,
  title = {The {{Crumble Controller}} | {{Redfern Electronics}}},
  url = {http://redfernelectronics.co.uk/crumble/},
  timestamp = {2017-03-11T13:52:32Z},
  urldate = {2017-03-04},
  file = {Snapshot:C\:\\Users\\Rasmus\\AppData\\Roaming\\Zotero\\Zotero\\Profiles\\az70rkes.default\\zotero\\storage\\PAKKR4ZZ\\crumble.html:text/html}
}

@online{Crumble4tronix,
  title = {Crumble},
  url = {http://4tronix.co.uk/store/index.php?rt=product/category&path=82},
  timestamp = {2017-03-04T13:54:11Z},
  urldate = {2017-03-04},
  file = {Crumble:C\:\\Users\\Rasmus\\AppData\\Roaming\\Zotero\\Zotero\\Profiles\\az70rkes.default\\zotero\\storage\\4JXGEW9A\\index.html:text/html}
}

@misc{CrumbleGettingStartedGuide,
  title = {Crumble {{Getting Started Guide}}},
  url = {http://redfernelectronics.co.uk/?ddownload=1679},
  timestamp = {2017-03-04T13:42:44Z},
  urldate = {2017-03-04},
  date = {2015-11-15}
}

@online{Programmingchallenge,
  title = {Programming Challenge: {{Traffic}} Lights | {{Redfern Electronics}}},
  url = {http://redfernelectronics.co.uk/programming-challenge-traffic-lights/},
  shorttitle = {Programming Challenge},
  timestamp = {2017-03-11T17:10:15Z},
  author = {Roberts, Helen},
  urldate = {2017-03-04},
  date = {2016-09-04},
  file = {Snapshot:C\:\\Users\\Rasmus\\AppData\\Roaming\\Zotero\\Zotero\\Profiles\\az70rkes.default\\zotero\\storage\\546JBKVS\\programming-challenge-traffic-lights.html:text/html}
}

@online{BasicConnections,
  title = {Basic {{Connections}}},
  url = {http://redfernelectronics.co.uk/wp-content/uploads/2014/05/Basic-Connections-595x275.png},
  timestamp = {2017-03-04T13:42:31Z},
  urldate = {2017-03-04},
  file = {Basic-Connections-595x275.png (595×275):C\:\\Users\\Rasmus\\AppData\\Roaming\\Zotero\\Zotero\\Profiles\\az70rkes.default\\zotero\\storage\\7IJEE34S\\Basic-Connections-595x275.html:text/html}
}

@online{Crumble-GettingStarted|RedfernElectronics,
  title = {Crumble – {{Getting Started}} | {{Redfern Electronics}}},
  url = {http://redfernelectronics.co.uk/crumble-getting-started/},
  timestamp = {2017-03-04T13:51:58Z},
  urldate = {2017-03-04},
  file = {Snapshot:C\:\\Users\\Rasmus\\AppData\\Roaming\\Zotero\\Zotero\\Profiles\\az70rkes.default\\zotero\\storage\\88NCUMQ4\\crumble-getting-started.html:text/html}
}

@online{CrumbleControlBoardResources|code-it,
  title = {Crumble {{Control Board Resources}} | Code-It},
  url = {http://code-it.co.uk/crumble/crumble},
  timestamp = {2017-03-04T11:51:34Z},
  author = {Bagge, Phil},
  urldate = {2017-03-04},
  file = {Crumble Control Board Resources | code-it:C\:\\Users\\Rasmus\\AppData\\Roaming\\Zotero\\Zotero\\Profiles\\az70rkes.default\\zotero\\storage\\KV23SBR4\\crumble.html:text/html}
}

@online{Scratch-ImagineProgramShare,
  title = {Scratch - {{Imagine}}, {{Program}}, {{Share}}},
  url = {https://scratch.mit.edu/},
  abstract = {Scratch is a free programming language and online community where you can create your own interactive stories, games, and animations.},
  timestamp = {2017-03-04T13:18:35Z},
  urldate = {2017-03-04},
  file = {Snapshot:C\:\\Users\\Rasmus\\AppData\\Roaming\\Zotero\\Zotero\\Profiles\\az70rkes.default\\zotero\\storage\\PN6S5DWG\\scratch.mit.edu.html:text/html}
}

@online{CrumbleStarterKit|RedfernElectronics,
  title = {Crumble {{Starter Kit}} | {{Redfern Electronics}}},
  url = {http://redfernelectronics.co.uk/product/crumble-kit/},
  timestamp = {2017-03-04T13:42:59Z},
  urldate = {2017-03-04},
  file = {Snapshot:C\:\\Users\\Rasmus\\AppData\\Roaming\\Zotero\\Zotero\\Profiles\\az70rkes.default\\zotero\\storage\\MPDWAKG2\\crumble-kit.html:text/html}
}

@online{PIC16F1455,
  title = {{{PIC16F1455}} - {{Microcontrollers}} and {{Processors}}},
  url = {http://www.microchip.com/wwwproducts/en/PIC16F1455},
  timestamp = {2017-03-26T11:52:39Z},
  urldate = {2017-03-04},
  file = {PIC16F1455 - Microcontrollers and Processors:C\:\\Users\\Rasmus\\AppData\\Roaming\\Zotero\\Zotero\\Profiles\\az70rkes.default\\zotero\\storage\\4S9XITAJ\\PIC16F1455.html:text/html}
}

@online{4tronixtoodetavadCrumbid,
  title = {4tronix Toodetavad {{Crumb}}'id},
  url = {http://4tronix.co.uk/store/resources/image/18/b7/8.jpg},
  timestamp = {2017-03-04T14:06:53Z},
  urldate = {2017-03-04},
  file = {8.jpg (1000×772):C\:\\Users\\Rasmus\\AppData\\Roaming\\Zotero\\Zotero\\Profiles\\az70rkes.default\\zotero\\storage\\UTPVGT8G\\8.html:text/html}
}

@online{RedfernElectronics,
  title = {Redfern {{Electronics}}},
  url = {http://redfernelectronics.co.uk/},
  timestamp = {2017-03-04T14:02:15Z},
  urldate = {2017-03-04},
  file = {Snapshot:C\:\\Users\\Rasmus\\AppData\\Roaming\\Zotero\\Zotero\\Profiles\\az70rkes.default\\zotero\\storage\\M7UA6KQQ\\redfernelectronics.co.uk.html:text/html}
}

@online{4tronix,
  title = {4tronix},
  url = {http://www.4tronix.co.uk/store/},
  timestamp = {2017-03-04T14:04:46Z},
  urldate = {2017-03-04},
  file = {4tronix:C\:\\Users\\Rasmus\\AppData\\Roaming\\Zotero\\Zotero\\Profiles\\az70rkes.default\\zotero\\storage\\JQSA3HD4\\store.html:text/html}
}

@online{Fototakisti,
  title = {Fototakisti [{{Robotic}} \& {{Microcontroller Educational Knowledgepage}} - {{Network}} of {{Excellence}}]},
  url = {http://home.roboticlab.eu/et/examples/sensor/photoresistor},
  timestamp = {2017-03-11T12:23:34Z},
  urldate = {2017-03-04},
  file = {Fototakisti [Robotic & Microcontroller Educational Knowledgepage - Network of Excellence]:C\:\\Users\\Rasmus\\AppData\\Roaming\\Zotero\\Zotero\\Profiles\\az70rkes.default\\zotero\\storage\\QNWSRKT2\\photoresistor.html:text/html}
}

@online{LightDependentResistor,
  title = {Photo Resistor - {{Light Dependent Resistor}} ({{LDR}}) » {{Resistor Guide}}},
  url = {http://www.resistorguide.com/photoresistor/},
  abstract = {Light dependent resistors or photoresistors decline in resistance when the light intensity increases. photo resistors can be used as light sensors.},
  timestamp = {2017-03-04T15:10:31Z},
  urldate = {2017-03-04},
  file = {Snapshot:C\:\\Users\\Rasmus\\AppData\\Roaming\\Zotero\\Zotero\\Profiles\\az70rkes.default\\zotero\\storage\\FNV54WUP\\photoresistor.html:text/html}
}

@online{Crumble-friendlyLDR|RedfernElectronics,
  title = {Crumble-Friendly {{LDR}} | {{Redfern Electronics}}},
  url = {http://redfernelectronics.co.uk/product/ldr-crumb/},
  timestamp = {2017-03-04T14:21:07Z},
  urldate = {2017-03-04},
  file = {Snapshot:C\:\\Users\\Rasmus\\AppData\\Roaming\\Zotero\\Zotero\\Profiles\\az70rkes.default\\zotero\\storage\\DG35DTDX\\ldr-crumb.html:text/html}
}

@online{Snapactionswitches,
  title = {Snap Action Switches (or Microswitch) Are Rapid Switch Devices for an Electrical Circuit - {{Future Electronics}}},
  url = {http://www.futureelectronics.com/en/switches/snap-acting-switches.aspx},
  timestamp = {2017-03-04T15:45:49Z},
  urldate = {2017-03-04},
  file = {Snap action switches (or microswitch) are rapid switch devices for an electrical circuit - Future Electronics:C\:\\Users\\Rasmus\\AppData\\Roaming\\Zotero\\Zotero\\Profiles\\az70rkes.default\\zotero\\storage\\GNR5WHZX\\snap-acting-switches.html:text/html}
}

@online{Reedswitches,
  title = {How Reed Switches Work (Magnetically Operated Switches)},
  url = {http://www.explainthatstuff.com/howreedswitcheswork.html},
  abstract = {An easy-to-understand explanation of how reed switches are triggered by magnets and a look at some typical uses.},
  timestamp = {2017-03-04T14:36:11Z},
  journaltitle = {Explain that Stuff},
  author = {Woodford, Chris},
  urldate = {2017-03-04},
  date = {2017-01-14},
  file = {Snapshot:C\:\\Users\\Rasmus\\AppData\\Roaming\\Zotero\\Zotero\\Profiles\\az70rkes.default\\zotero\\storage\\XMHQ9AUI\\howreedswitcheswork.html:text/html}
}

@online{crumblefriendlycomponents,
  title = {Crumble Friendly Components},
  url = {http://redfernelectronics.co.uk/wp-content/uploads/2017/01/IMG_0115-e1485789913691.jpg},
  timestamp = {2017-03-04T14:46:39Z},
  urldate = {2017-03-04},
  file = {IMG_0115-e1485789913691.jpg (2448×2448):C\:\\Users\\Rasmus\\AppData\\Roaming\\Zotero\\Zotero\\Profiles\\az70rkes.default\\zotero\\storage\\53QDDV54\\IMG_0115-e1485789913691.html:text/html}
}

@online{HCSR04UsersManual,
  title = {{{HC}}-{{SR04 User}}'s\_{{Manual}}},
  url = {https://docs.google.com/document/d/1Y-yZnNhMYy7rwhAgyL_pfa39RsB-x2qR4vP8saG73rE/edit?usp=embed_facebook},
  abstract = {User's Manual  V1.0  May 2013       Index    Introduction								3  Packing List								4  Product Layout								5  Product Specification and Limitation					6  Operation  									7  Hardware Interface							8  Example Code								9 	 Warranty									10	       1.0 INTRODUCTION   The HC...},
  timestamp = {2017-03-04T15:09:44Z},
  journaltitle = {Google Docs},
  urldate = {2017-03-04},
  file = {Snapshot:C\:\\Users\\Rasmus\\AppData\\Roaming\\Zotero\\Zotero\\Profiles\\az70rkes.default\\zotero\\storage\\XHBAFADA\\edit.html:text/html}
}

@online{HC-SR04backwithCrumbliser,
  title = {{{HC}}-{{SR04}} Back with {{Crumbliser}}},
  url = {http://redfernelectronics.co.uk/wp-content/uploads/2016/04/HC-SR04-back-with-Crumbliser.jpg},
  timestamp = {2017-03-04T15:16:46Z},
  urldate = {2017-03-04},
  file = {HC-SR04-back-with-Crumbliser.jpg (2048×2048):C\:\\Users\\Rasmus\\AppData\\Roaming\\Zotero\\Zotero\\Profiles\\az70rkes.default\\zotero\\storage\\ZWBH93NB\\HC-SR04-back-with-Crumbliser.html:text/html}
}

@online{UltrasonicDistanceMeasuringSensor|RedfernElectronics,
  title = {Ultrasonic {{Distance Measuring Sensor}} | {{Redfern Electronics}}},
  url = {http://redfernelectronics.co.uk/product/ultrasonic-distance-measuring-sensor/},
  timestamp = {2017-03-04T15:45:47Z},
  urldate = {2017-03-04},
  file = {Snapshot:C\:\\Users\\Rasmus\\AppData\\Roaming\\Zotero\\Zotero\\Profiles\\az70rkes.default\\zotero\\storage\\DZSE4AHD\\ultrasonic-distance-measuring-sensor.html:text/html}
}

@online{Crumble-friendlycomponentspack|RedfernElectronics,
  title = {Crumble-Friendly Components (Pack) | {{Redfern Electronics}}},
  url = {http://redfernelectronics.co.uk/product/crumble-friendly-components-pack/},
  timestamp = {2017-03-11T22:40:20Z},
  urldate = {2017-03-04},
  file = {Snapshot:C\:\\Users\\Rasmus\\AppData\\Roaming\\Zotero\\Zotero\\Profiles\\az70rkes.default\\zotero\\storage\\VD5VPWAI\\crumble-friendly-components-pack.html:text/html}
}

@online{Linefollowerboard,
  title = {Line Follower Board},
  url = {http://redfernelectronics.co.uk/wp-content/uploads/2015/09/Line-follower-board.jpg},
  timestamp = {2017-03-04T15:28:31Z},
  urldate = {2017-03-04},
  file = {Line-follower-board.jpg (1959×1959):C\:\\Users\\Rasmus\\AppData\\Roaming\\Zotero\\Zotero\\Profiles\\az70rkes.default\\zotero\\storage\\BHZRTFWS\\Line-follower-board.html:text/html}
}

@online{Sparkles|RedfernElectronics,
  title = {Sparkles ({{Panel}} of 25) | {{Redfern Electronics}}},
  url = {http://redfernelectronics.co.uk/product/sparkles-panel-of-25/},
  timestamp = {2017-03-04T16:30:22Z},
  urldate = {2017-03-04},
  file = {Snapshot:C\:\\Users\\Rasmus\\AppData\\Roaming\\Zotero\\Zotero\\Profiles\\az70rkes.default\\zotero\\storage\\B3PEX4T4\\sparkles-panel-of-25.html:text/html}
}

@online{TwoSparklestoCrumble,
  title = {Two {{Sparkles}} to {{Crumble}}},
  url = {http://redfernelectronics.co.uk/wp-content/uploads/2014/05/Two-Sparkles-to-Crumble.png},
  timestamp = {2017-03-04T15:45:45Z},
  urldate = {2017-03-04},
  file = {Two-Sparkles-to-Crumble.png (1190×536):C\:\\Users\\Rasmus\\AppData\\Roaming\\Zotero\\Zotero\\Profiles\\az70rkes.default\\zotero\\storage\\VSDCCXFV\\Two-Sparkles-to-Crumble.html:text/html}
}

@online{WS2812B,
  title = {{{WS2812B}}},
  url = {https://cdn-shop.adafruit.com/datasheets/WS2812B.pdf},
  timestamp = {2017-03-04T15:41:45Z},
  author = {{Worldsemi}},
  urldate = {2017-03-04},
  file = {WS2812B.pdf:C\:\\Users\\Rasmus\\AppData\\Roaming\\Zotero\\Zotero\\Profiles\\az70rkes.default\\zotero\\storage\\MNUJ3WAS\\WS2812B.pdf:application/pdf}
}

@online{CrumbliserRedfernElectronics,
  title = {Crumbliser (Pack of 5) | {{Redfern Electronics}}},
  url = {http://redfernelectronics.co.uk/product/crumbliser-pack-of-5/},
  timestamp = {2017-03-04T16:31:20Z},
  urldate = {2017-03-04},
  file = {Snapshot:C\:\\Users\\Rasmus\\AppData\\Roaming\\Zotero\\Zotero\\Profiles\\az70rkes.default\\zotero\\storage\\94883PU3\\crumbliser-pack-of-5.html:text/html}
}

@online{CrumblizerwithWS2812BStrip,
  title = {Crumblizer with {{WS2812B Strip}}},
  url = {http://redfernelectronics.co.uk/wp-content/uploads/2015/10/Crumblizer-with-WS2812B-Strip.jpg},
  timestamp = {2017-03-04T15:50:03Z},
  urldate = {2017-03-04},
  file = {Crumblizer-with-WS2812B-Strip.jpg (1887×1887):C\:\\Users\\Rasmus\\AppData\\Roaming\\Zotero\\Zotero\\Profiles\\az70rkes.default\\zotero\\storage\\K63GAEPT\\Crumblizer-with-WS2812B-Strip.html:text/html}
}

@online{PairofGearedMotors|RedfernElectronics,
  title = {Pair of {{Geared Motors}} | {{Redfern Electronics}}},
  url = {http://redfernelectronics.co.uk/product/pair-of-geared-motors/},
  timestamp = {2017-03-04T16:06:04Z},
  urldate = {2017-03-04},
  file = {Snapshot:C\:\\Users\\Rasmus\\AppData\\Roaming\\Zotero\\Zotero\\Profiles\\az70rkes.default\\zotero\\storage\\JJ9UFMNP\\pair-of-geared-motors.html:text/html}
}

@online{Pair-of-geared-motors,
  title = {Pair-of-Geared-Motors},
  url = {http://redfernelectronics.co.uk/wp-content/uploads/2015/10/Pair-of-geared-motors-300x300@2x.jpg},
  timestamp = {2017-03-04T16:06:24Z},
  urldate = {2017-03-04},
  file = {Pair-of-geared-motors-300x300@2x.jpg (600×600):C\:\\Users\\Rasmus\\AppData\\Roaming\\Zotero\\Zotero\\Profiles\\az70rkes.default\\zotero\\storage\\A7WVA7D5\\Pair-of-geared-motors-300x300@2x.html:text/html}
}

@online{Kiirendusandur,
  title = {Kiirendusandur [{{Robotic}} \& {{Microcontroller Educational Knowledgepage}} - {{Network}} of {{Excellence}}]},
  url = {http://home.roboticlab.eu/et/examples/sensor/accelerometer},
  timestamp = {2017-03-11T11:45:28Z},
  urldate = {2017-03-11},
  file = {Kiirendusandur [Robotic & Microcontroller Educational Knowledgepage - Network of Excellence]:C\:\\Users\\Rasmus\\AppData\\Roaming\\Zotero\\Zotero\\Profiles\\az70rkes.default\\zotero\\storage\\D4XBSKNM\\accelerometer.html:text/html}
}

@online{Kiirendusandura,
  title = {Motion {{Sensor Crumb Accelerometer}} for {{Crumble Controller}}},
  url = {http://4tronix.co.uk/store/resources/image/18/b9/4.jpg},
  timestamp = {2017-03-12T09:16:06Z},
  urldate = {2017-03-11},
  file = {4.jpg (800×603):C\:\\Users\\Rasmus\\AppData\\Roaming\\Zotero\\Zotero\\Profiles\\az70rkes.default\\zotero\\storage\\27PW9PWT\\4.html:text/html}
}

@online{MotionSensorCrumbAccelerometerforCrumbleController,
  title = {Motion {{Sensor Crumb Accelerometer}} for {{Crumble Controller}}},
  url = {http://4tronix.co.uk/store/index.php?rt=product/product&path=82&product_id=480},
  timestamp = {2017-03-11T11:59:58Z},
  urldate = {2017-03-11},
  file = {Motion Sensor Crumb Accelerometer for Crumble Controller:C\:\\Users\\Rasmus\\AppData\\Roaming\\Zotero\\Zotero\\Profiles\\az70rkes.default\\zotero\\storage\\GIBT3WAX\\index.html:text/html}
}

@online{ProximitySensorCrumbDigitalInputforCrumbleController,
  title = {Proximity {{Sensor Crumb Digital Input}} for {{Crumble Controller}}},
  url = {http://4tronix.co.uk/store/index.php?rt=product/product&path=82&product_id=494},
  timestamp = {2017-03-11T12:02:16Z},
  urldate = {2017-03-11},
  file = {Proximity Sensor Crumb Digital Input for Crumble Controller:C\:\\Users\\Rasmus\\AppData\\Roaming\\Zotero\\Zotero\\Profiles\\az70rkes.default\\zotero\\storage\\GV5TSQWD\\index.html:text/html}
}

@online{Lahedusandur,
  title = {Proximity {{Sensor Crumb Digital Input}} for {{Crumble Controller}}},
  url = {http://4tronix.co.uk/store/resources/image/18/bd/8.jpg},
  timestamp = {2017-03-12T09:16:36Z},
  urldate = {2017-03-11},
  file = {8.jpg (1000×689):C\:\\Users\\Rasmus\\AppData\\Roaming\\Zotero\\Zotero\\Profiles\\az70rkes.default\\zotero\\storage\\KPCEZMN7\\8.html:text/html}
}

@online{Puudutusandur,
  title = {Dual {{Touch Sensor Crumb Digital Input}} for {{Crumble Controller}}},
  url = {http://4tronix.co.uk/store/resources/image/18/bc/b.jpg},
  timestamp = {2017-03-12T09:18:01Z},
  urldate = {2017-03-11},
  file = {b.jpg (1000×635):C\:\\Users\\Rasmus\\AppData\\Roaming\\Zotero\\Zotero\\Profiles\\az70rkes.default\\zotero\\storage\\NFMS4BGP\\b.html:text/html}
}

@online{DualTouchSensorCrumbDigitalInputforCrumbleController,
  title = {Dual {{Touch Sensor Crumb Digital Input}} for {{Crumble Controller}}},
  url = {http://4tronix.co.uk/store/index.php?rt=product/product&path=82&product_id=492},
  timestamp = {2017-03-11T12:22:05Z},
  urldate = {2017-03-11},
  file = {Dual Touch Sensor Crumb Digital Input for Crumble Controller:C\:\\Users\\Rasmus\\AppData\\Roaming\\Zotero\\Zotero\\Profiles\\az70rkes.default\\zotero\\storage\\49V6EZKJ\\index.html:text/html}
}

@online{Puuviljadegauhendatudpuudutusandur,
  title = {Dual {{Touch Sensor Connected}} to {{Fruit}}},
  url = {http://4tronix.co.uk/store/resources/image/18/bc/d.jpg},
  timestamp = {2017-03-12T09:18:22Z},
  urldate = {2017-03-11},
  file = {d.jpg (1000×412):C\:\\Users\\Rasmus\\AppData\\Roaming\\Zotero\\Zotero\\Profiles\\az70rkes.default\\zotero\\storage\\738H6KAT\\d.html:text/html}
}

@online{NumberDisplayCrumbforCrumbleController,
  title = {Number {{Display Crumb}} for {{Crumble Controller}}},
  url = {http://4tronix.co.uk/store/index.php?rt=product/product&path=82&product_id=479},
  timestamp = {2017-03-11T12:33:18Z},
  urldate = {2017-03-11},
  file = {Number Display Crumb for Crumble Controller:C\:\\Users\\Rasmus\\AppData\\Roaming\\Zotero\\Zotero\\Profiles\\az70rkes.default\\zotero\\storage\\6VCPNF3J\\index.html:text/html}
}

@online{Crumblekontrollerigauhendatudnumbrinaidik,
  title = {Number {{Display Crumb}} for {{Crumble Controller}}},
  url = {http://4tronix.co.uk/store/resources/image/18/bc/8.jpg},
  timestamp = {2017-03-12T09:14:07Z},
  urldate = {2017-03-11},
  file = {8.jpg (1000×308):C\:\\Users\\Rasmus\\AppData\\Roaming\\Zotero\\Zotero\\Profiles\\az70rkes.default\\zotero\\storage\\F6ESGJMB\\8.html:text/html}
}

@online{Passiivneinfrapunasensor,
  title = {Passiivne Infrapunasensor},
  url = {http://4tronix.co.uk/store/resources/image/18/be/0.jpg},
  timestamp = {2017-03-11T12:58:46Z},
  urldate = {2017-03-11},
  file = {0.jpg (1000×398):C\:\\Users\\Rasmus\\AppData\\Roaming\\Zotero\\Zotero\\Profiles\\az70rkes.default\\zotero\\storage\\MRE6ZKNN\\0.html:text/html}
}

@online{PIRSensorCrumbDigitalInputforCrumbleController,
  title = {{{PIR Sensor Crumb Digital Input}} for {{Crumble Controller}}},
  url = {http://4tronix.co.uk/store/index.php?rt=product/product&path=82&product_id=495},
  timestamp = {2017-03-11T12:58:53Z},
  urldate = {2017-03-11},
  file = {PIR Sensor Crumb Digital Input for Crumble Controller:C\:\\Users\\Rasmus\\AppData\\Roaming\\Zotero\\Zotero\\Profiles\\az70rkes.default\\zotero\\storage\\MFBE4JWF\\index.html:text/html}
}

@online{ServoCrumbforCrumbleController,
  title = {Servo {{Crumb}} for {{Crumble Controller}}},
  url = {http://4tronix.co.uk/store/index.php?rt=product/product&path=82&product_id=503},
  timestamp = {2017-03-11T13:04:53Z},
  urldate = {2017-03-11},
  file = {Servo Crumb for Crumble Controller:C\:\\Users\\Rasmus\\AppData\\Roaming\\Zotero\\Zotero\\Profiles\\az70rkes.default\\zotero\\storage\\JEF3C69E\\index.html:text/html}
}

@online{Servomootor,
  title = {Servo {{Crumb}} for {{Crumble Controller}}},
  url = {http://4tronix.co.uk/store/resources/image/18/ca/8.jpg},
  timestamp = {2017-03-12T09:18:34Z},
  urldate = {2017-03-11},
  file = {8.jpg (800×674):C\:\\Users\\Rasmus\\AppData\\Roaming\\Zotero\\Zotero\\Profiles\\az70rkes.default\\zotero\\storage\\UTQTQF7Z\\8.html:text/html}
}

@online{Servomootorroboticlab,
  title = {Servomootor [{{Robotic}} \& {{Microcontroller Educational Knowledgepage}} - {{Network}} of {{Excellence}}]},
  url = {http://home.roboticlab.eu/et/examples/motor/servo},
  timestamp = {2017-03-11T13:06:42Z},
  urldate = {2017-03-11},
  file = {Servomootor [Robotic & Microcontroller Educational Knowledgepage - Network of Excellence]:C\:\\Users\\Rasmus\\AppData\\Roaming\\Zotero\\Zotero\\Profiles\\az70rkes.default\\zotero\\storage\\KFB24VJW\\servo.html:text/html}
}

@online{PlayGroundforCrumble,
  title = {{{PlayGround}} for {{Crumble}}},
  url = {http://4tronix.co.uk/store/index.php?rt=product/product&path=82&product_id=581},
  timestamp = {2017-03-11T13:21:00Z},
  urldate = {2017-03-11},
  file = {PlayGround for Crumble:C\:\\Users\\Rasmus\\AppData\\Roaming\\Zotero\\Zotero\\Profiles\\az70rkes.default\\zotero\\storage\\3VF6VE5R\\index.html:text/html}
}

@online{PlayGroundGizmodjajuhtmed,
  title = {{{PlayGround}}, {{Gizmos}} and Wires},
  url = {http://4tronix.co.uk/blog/wp-content/uploads/2016/09/PlayCrum_03.jpg},
  timestamp = {2017-03-12T09:17:40Z},
  urldate = {2017-03-11},
  file = {PlayCrum_03.jpg (800×660):C\:\\Users\\Rasmus\\AppData\\Roaming\\Zotero\\Zotero\\Profiles\\az70rkes.default\\zotero\\storage\\U7JEJQGV\\PlayCrum_03.html:text/html}
}

@online{PlaygroundforCrumbleBlog,
  title = {Playground for {{Crumble}} \& {{BBC Micro}}:{{Bit}}},
  url = {http://4tronix.co.uk/playground/},
  timestamp = {2017-03-11T13:28:55Z},
  urldate = {2017-03-11},
  file = {playground.html:C\:\\Users\\Rasmus\\AppData\\Roaming\\Zotero\\Zotero\\Profiles\\az70rkes.default\\zotero\\storage\\IHMAUXU8\\playground.html:text/html}
}

@online{PrototypingGizmoforPlayground-MakeyourownGizmo,
  title = {Prototyping {{Gizmo}} for {{Playground}} - {{Make}} Your Own {{Gizmo}}},
  url = {http://4tronix.co.uk/store/index.php?rt=product/product&path=82&product_id=576},
  timestamp = {2017-03-11T13:43:26Z},
  urldate = {2017-03-11},
  file = {Prototyping Gizmo for Playground - Make your own Gizmo:C\:\\Users\\Rasmus\\AppData\\Roaming\\Zotero\\Zotero\\Profiles\\az70rkes.default\\zotero\\storage\\M9PDKTAP\\index.html:text/html}
}

@online{Python2orPython3-PythonWiki,
  title = {{{Python2orPython3}} - {{Python Wiki}}},
  url = {https://wiki.python.org/moin/Python2orPython3},
  timestamp = {2017-03-26T08:30:45Z},
  urldate = {2017-03-26},
  file = {Python2orPython3 - Python Wiki:C\:\\Users\\Rasmus\\AppData\\Roaming\\Zotero\\Zotero\\Profiles\\az70rkes.default\\zotero\\storage\\JPKTWD94\\Python2orPython3.html:text/html}
}

@online{KeyDifferences,
  title = {The Key Differences between {{Python}} 2.7.x and {{Python}} 3.x with Examples},
  url = {sebastianraschka.com/Articles/2014_python_2_3_key_diff.html},
  abstract = {Many beginning Python users are wondering with which version of Python they should start. My answer to this question is usually something along the lines “ju...},
  timestamp = {2017-03-26T09:06:39Z},
  journaltitle = {Sebastian Raschka's Website},
  author = {{Sebastian Raschka}},
  urldate = {2017-03-26},
  date = {2014-06-01/2014-06},
  file = {Snapshot:C\:\\Users\\Rasmus\\AppData\\Roaming\\Zotero\\Zotero\\Profiles\\az70rkes.default\\zotero\\storage\\PX7II4B8\\2014_python_2_3_key_diff.html:text/html}
}

@online{PythonAST,
  title = {32.2. Ast — {{Abstract Syntax Trees}} — {{Python}} 3.6.1 Documentation},
  url = {https://docs.python.org/3/library/ast.html},
  timestamp = {2017-03-26T10:22:39Z},
  urldate = {2017-03-26},
  file = {32.2. ast — Abstract Syntax Trees — Python 3.6.1 documentation:C\:\\Users\\Rasmus\\AppData\\Roaming\\Zotero\\Zotero\\Profiles\\az70rkes.default\\zotero\\storage\\C47UFARZ\\ast.html:text/html}
}

@Comment{jabref-meta: databaseType:biblatex;}
